<record><leader>00000cas a2200000 a 4500</leader><controlfield tag="001">36049234</controlfield><controlfield tag="008">961206c19939999iluwr ne      0    0eng c</controlfield><datafield ind1=" " ind2=" " tag="010"><subfield code="a">sn 00061589 </subfield></datafield><datafield ind1=" " ind2=" " tag="040"><subfield code="a">WIH</subfield><subfield code="b">eng</subfield><subfield code="c">WIH</subfield><subfield code="d">NVF</subfield><subfield code="d">OCL</subfield><subfield code="d">OCLCQ</subfield><subfield code="d">OCLCF</subfield><subfield code="d">OCLCO</subfield></datafield><datafield ind1=" " ind2=" " tag="042"><subfield code="a">pcc</subfield></datafield><datafield ind1=" " ind2=" " tag="043"><subfield code="a">n-us-il</subfield></datafield><datafield ind1="0" ind2=" " tag="130"><subfield code="a">African American voice (Decatur, Ill. : Peoria ed.)</subfield></datafield><datafield ind1="1" ind2="0" tag="245"><subfield code="a">African-American voice.</subfield></datafield><datafield ind1=" " ind2=" " tag="250"><subfield code="a">[Peoria ed.].</subfield></datafield><datafield ind1=" " ind2=" " tag="260"><subfield code="a">Decatur, Ill. :</subfield><subfield code="b">H.G. Livingston</subfield></datafield><datafield ind1=" " ind2=" " tag="300"><subfield code="a">v.</subfield></datafield><datafield ind1=" " ind2=" " tag="310"><subfield code="a">Weekly</subfield></datafield><datafield ind1="1" ind2=" " tag="362"><subfield code="a">Began in 1993.</subfield></datafield><datafield ind1=" " ind2=" " tag="588"><subfield code="a">Description based on: Vol. 32, no. 6 (Apr. 26, 1995).</subfield></datafield><datafield ind1=" " ind2="0" tag="650"><subfield code="a">African Americans</subfield><subfield code="z">Illinois</subfield><subfield code="z">Peoria</subfield><subfield code="v">Newspapers.</subfield></datafield><datafield ind1=" " ind2="0" tag="651"><subfield code="a">Peoria (Ill.)</subfield><subfield code="v">Newspapers.</subfield></datafield><datafield ind1=" " ind2="7" tag="655"><subfield code="a">Newspapers.</subfield><subfield code="2">fast</subfield><subfield code="0">(OCoLC)fst01423814</subfield></datafield><datafield ind1=" " ind2="7" tag="650"><subfield code="a">African Americans.</subfield><subfield code="2">fast</subfield><subfield code="0">(OCoLC)fst00799558</subfield></datafield><datafield ind1=" " ind2="7" tag="651"><subfield code="a">Illinois</subfield><subfield code="z">Peoria.</subfield><subfield code="2">fast</subfield><subfield code="0">(OCoLC)fst01206107</subfield></datafield><datafield ind1=" " ind2=" " tag="752"><subfield code="a">United States</subfield><subfield code="b">Illinois</subfield><subfield code="c">Macon</subfield><subfield code="d">Decatur.</subfield></datafield><datafield ind1="0" ind2=" " tag="775"><subfield code="t">African-American voice (Decatur, Ill. : Springfield ed.)</subfield><subfield code="w">(DLC)sn 00061586</subfield><subfield code="w">(OCoLC)36049131</subfield></datafield><datafield ind1="0" ind2=" " tag="775"><subfield code="t">African-American voice (Decatur, Ill. : Decatur ed.)</subfield><subfield code="w">(DLC)sn 00061588</subfield><subfield code="w">(OCoLC)29173989</subfield></datafield><datafield ind1="0" ind2=" " tag="775"><subfield code="t">African-American voice (Decatur, Ill. : Bloomington-Normal ed.)</subfield><subfield code="w">(DLC)sn 00061587</subfield></datafield><datafield ind1="0" ind2="1" tag="780"><subfield code="t">Voice of the Black community (Decatur, Ill.)</subfield><subfield code="w">(DLC)sn 90054690</subfield><subfield code="w">(OCoLC)1769265</subfield></datafield></record>